<?xml version="1.0" encoding="UTF-8"?><collection xmlns="http://www.loc.gov/MARC21/slim"><record><leader>00472nam--2200133-i-4500</leader><controlfield tag="001">000014806</controlfield><controlfield tag="002">20161230</controlfield><controlfield tag="005">20170212002510</controlfield><controlfield tag="008">060222s1000------------r-----000-0-eng-d</controlfield><datafield ind1=" " ind2=" " tag="245"><subfield code="a">Codul muncii adnotat pe baza prevederilor din actele normative in vigoare si a solutiilor di n deciziile tribunalului suprem al r.p.r. partea i intocmita de L.Miller</subfield></datafield><datafield ind1=" " ind2=" " tag="260"><subfield code="a">Bucuresti</subfield><subfield code="b">Editura Stiintifica</subfield><subfield code="c">1959</subfield></datafield><datafield ind1=" " ind2=" " tag="300"><subfield code="a">404 p</subfield></datafield><datafield ind1=" " ind2=" " tag="852"><subfield code="a">331.16(498)</subfield></datafield><datafield ind1=" " ind2=" " tag="CAT"><subfield code="a">SYS</subfield><subfield code="c">20170212</subfield><subfield code="h">002510</subfield></datafield></record></collection>